@article{testing-node-red,
  author  = {Diego Clerissi and Gianna Reggio and Maurizio Leotta and Filippo Ricca},
  title   = {Towards an Approach for Developing and Testing Node-RED IoT Systems},
  journal = {1st ACM SIGSOFT International Workshop on Ensemble-Based Software Engineering (EnSEmble ’18), November 4, 2018, Lake Buena Vista, FL, USA. ACM, New York, NY, USA},
  date    = {2018}
}

@article{flow-programming,
  author  = {Davide Ancona and Giorgio Delzanno and Lorenzo Benvenuto and Gianluca Gambari},
  title   = {Flow Programming: A Flexible way to bring the Internet of Things into the Lab},
  journal = {Session 2: Adaptation and Personalization in Computer Science Education (APCSE 2020)},
  date    = {2020}
}

@article{low-cost-esp32-pi-node-red-scada,
  author  = {Atefeh Zare and M.~Tariq Iqbal},
  title   = {Low-Cost ESP32, Raspberry Pi, Node-Red, and MQTT Protocol Based SCADA System},
  journal = {IEEE},
  date    = {2020}
}

@article{design-impl-node-gateway,
  author  = {Ahmad Zainudin and Mohamad Fahmi Syaifudin and Nanang Syahroni},
  title   = {Design and Implementation of Node Gateway with MQTT and CoAP Protocol for IoT Applications},
  journal = {4th International Conference on Information Technology, Information Systems and Electrical Engineering (ICITISEE)},
  date    = {2019}
}

@article{modbus-iot-gateway,
  author  = {Feng Shu and Hanhua Lu and Yin Ding},
  title   = {Novel Modbus Adaptation Method for IoT Gateway},
  journal = {IEEE 3rd Information Technology, Networking, Electronic and Automation Control Conference (ITNEC 2019)},
  date    = {2019}
}


@article{cps-vs-iot,
  author  = {Christopher Greer and Martin Burns and David Wollman and Edward Griffor},
  title   = {Cyber-Physical Systems and Internet of Things},
  journal = {NIST Special Publication 1900-202},
  date    = {2019}
}


@article{ot-it-categorization-of-customer-concerns,
  author  = {Emilie Bonnetto and Bernard Yannou and Gwenola Bertoluci and Vincent Boly and Jorge Alvarez},
  title   = {A categorization of customer concerns for an OT front-end of innovation process in an IT/OT convergence context},
  journal = {International Design Conference},
  date    = {2016}
}


@book{iot-in-industrial-sector,
  author  = {Zaigham Mahmood and Eldar Sultanow and Alina Chircu},
  title   = {The Internet of Things in the Industrial Sector},
  series = {Computer Communications and Networks},
  year      = {2019},
  publisher = {Springer}
}

@book{isp-analiza-przepływu-informacji,
  author    = {Andrzej Kwiecień},
  title     = {Analiza przepływu informacji w komputerowych sieciach przemysłowych},
  series    = {Studia Informatica, 1642-0489, Zeszyty Naukowe Politechniki Śląskiej. Informatyka },
  year      = {2002},
  publisher = {Wydawnictwo Politechniki Śląskiej}
}

@article{big-data-aq-storage-systems,
  author  = {Daoqu Geng and Chengyun Zhang and Chengjing Xia and Xue Xia and Qilin Liu and Xinshuai Fu},
  title   = {Big Data-Based Improved Data Acquisition and Storage System for Designing Industrial Data Platform},
  journal = { IEEE Access ( Volume: 7) },
  date    = {2019}
}

@book{data-aq-systems,
  author    = {Maurizio Di~Paolo~Emilio},
  title     = {Data Acquisition Systems. From Fundamentals to Applied Design.},
  series    = {},
  year      = {2013},
  publisher = {Springer}
}

@article{dane-informacja-wiedza,
  author  = {Mariusz Grabowski and Agnieszka Zając},
  title   = {Dane, informacja, wiedza – próba definicji},
  journal = {Zeszyty Naukowe nr 798 Uniwersytetu Ekonomicznego w Krakowie},
  date    = {2009}
}

@book{beginning-azure-edge-computing,
  author    = {David Jensen},
  title     = {Beginning Azure IoT Edge Computing. Extending the Cloud to the Intelligent Edge},
  series    = {},
  year      = {2020},
  publisher = {Apress}
}

@book{measuring-value-of-cloud-computing,
  author    = {Theo Lynn and John G. Mooney and Pierangelo Rosati and Grace Fox},
  title     = {Measuring the Business Value ofCloud Computing},
  series    = {PALGRAVE STUDIES IN DIGITAL BUSINESS AND ENABLING TECHNOLOGIES},
  year      = {2020},
  publisher = {Palgrave Macmillan}
}

@book{iiot-cyber-manufacturing-systems,
  author    = {Sabina Jeschke and Christian Brecher and Houbing Song  and Danda B.Rawat},
  title     = {Industrial Internet of Things. Cybermanufacturing Systems},
  series    = {},
  year      = {2017},
  publisher = {Springer}
}

@book{demistifying-iot-security,
  author    = {Sunil Cheruvu and Anil Kumar and Ned Smith and David M.Wheeler},
  title     = {Demystifying Internet of Things Security},
  series    = {},
  year      = {2020},
  publisher = {Apress Open}
}

@book{internet-reczy,
  author    = {Dominique D.Guinard, Vlad M.Trifa},
  title     = {Internet rzeczy. Budowa sieci z wykorzystaniem technologii webowych i Raspberry Pi.},
  series    = {},
  year      = {2017},
  publisher = {Helion}
}

@book{iot-hype-to-reality,
  author    = {Ammar Rayes and Samer Salam},
  title     = {Internet of Things From Hype to Reality. The Road to Digitization},
  series    = {},
  year      = {2019},
  publisher = {Springer}
}

@article{iot-gateway-medical-and-industrial,
  author  = {Claudio Botta and Leonardo Pierangelini and Luca Vollero},
  title   = {IoT Gateways for Industrial and Medical Applications: Architecture and Performance Assessment},
  journal = {IEEE International Workshop on Metrology for Industry 4.0 \& IoT},
  date    = {2020}
}

@article{iiot-architecture-and-gateway,
  author  = {Chang-le Zhong, Zhen Zhu, Ren-gen Huang},
  title   = {Study on the IOT Architecture and Gateway Technology},
  journal = {14th International Symposium on Distributed Computing and Applications for Business Engineering and Science},
  date    = {2015}
}

@article{iiot-design-and-impl-gateway,
  author  = {Aditi khandelwal and Ishita Agrawal and Malaserene I. and S.Sankar Ganesh and Rajeev Karothia},
  title   = {Design and implementation of an industrial gateway: Bridging sensor networks into IoT},
  journal = {International conference on Electronics, Communication and Aerospace Technology (ICECA)},
  date    = {2019}
}

@article{iiot-gateway-introduction,
  author  = {Hao Chen and Xueqin Jia, Heng Li },
  title   = {A brief introduction to the IoT gateway},
  journal = {IET International Conference on Communication Technology and Application (ICCTA 2011)},
  date    = {2011}
}

@article{iiot-challenges-opportunities-directions,
  author  = {Emiliano Sisinni and Abusayeed Saifullah and Song Han and Ulf Jennehag and Mikael Gidlund},
  title   = {Industrial Internet of Things: Challenges, Opportunities and Directions},
  journal = {IEEE TRANSACTIONS ON INDUSTRIAL INFORMATICS, VOL. 14, NO. 11},
  date    = {2018}
}

@article{iiot-heterogenous-gateways,
  author  = {Viacheslav Kulik and Ruslan Kirichek},
  title   = {The Heterogeneous Gateways in the Industrial Internet of Things},
  journal = {10th International Congress on Ultra Modern Telecommunications and Control Systems and Workshops (ICUMT)},
  date    = {2018}
}

@article{iiot-opensource-gateway,
  author  = {Phuc Nguyen-Hoang and Phuoc Vo-Tan},
  title   = {Development An Open-Source Industrial IoT Gateway},
  journal = {19th International Symposium on Communications and Information Technologies (ISCIT)},
  date    = {2019}
}

@article{models-innovative-iot,
  author  = {Galia Novakova Nedeltcheva and Elena Shoikova},
  title   = {Models for Innovative IoT Ecosystems},
  journal = {IEEE 5th World Forum on Internet of Things (WF-IoT)},
  date    = {2019}
}

@article{iiot-rapid-integration-framework,
  author  = {Alex Vakaloudis and Christian O’Leary },
  title   = {A framework for rapid integration of IoT Systems with industrial environments},
  journal = {International Conference on Big Data and Internet of Things (BDIOT2017)},
  date    = {2017}
}

@book{isp,
  author    = {Piotr Gaj},
  title     = {Wybrane zagadnienia projektowania systemów informatyki przemysłowej},
  series    = {Studia Informatica : quarterly ; vol. 37, nr 4B (128)},
  year      = {2016},
  publisher = {Silesian University of Technology Press}
}

@book{systemy-automatyki-przemyslowej,
  author    = {Roman Kwiecień},
  title     = {Komputerowe systemy automatyki przemysłowej},
  year      = {2013},
  publisher = {Helion}
}

@book{intro-to-iot,
  author    = {
		Aleksandr Kapitonov and
		Dmitrii Dobriborsci and
		Igor Pantiukhin and
		Valerii Chernov and
		Raivo Sell and
		Rim Puks and
		Mallor Kingsepp and
		Agris Nikitenko and
		Karlis Berkolds and
		Anete Vagale and
		Rudolfs Rumba and
		Piotr Czekalski and
		Krzysztof Tokarz and
		Oleg Antemijczuk and
		Jarosław Paduch and
		Raivo Sell and
		Salvatore and
		Rustem Dautov and
		Riccardo Di Pietro and
		Antonino Longo Minnolo and
		Blanka Czekalska and
		Małgorzata Wiktorczyk and
		Ritankar Sahu
	},
  title     = {Introduction to the IoT},
  year      = {2019},
  publisher = {RTU Press}
}

@online{system,
  title        = {System},
  organization = {Wydawnictwo Naukowe PWN},
  date         = {},
  urldate      = {2020-12-01},
  url          = {https://encyklopedia.pwn.pl/haslo/system;3982198.html}
}

@online{system-komputerowy,
  title        = {System komputerowy},
  organization = {Wydawnictwo Naukowe PWN},
  date         = {},
  urldate      = {2020-12-01},
  url          = {https://encyklopedia.pwn.pl/haslo/system-komputerowy;3982205.html}
}

@online{system-informatyczny,
  title        = {System informatyczny},
  organization = {Wydawnictwo Naukowe PWN},
  date         = {},
  urldate      = {2020-12-01},
  url          = {https://encyklopedia.pwn.pl/haslo/system-informatyczny;3982203.html}
}

@online{information-science,
  title        = {Information science},
  organization = {Encyclopædia Britannica},
  date         = {},
  urldate      = {2020-12-01},
  url          = {https://www.britannica.com/science/information-science}
}

@online{information-processing,
  title        = {Information processing},
  organization = {Encyclopædia Britannica},
  author       = {Vladimir Slamecka},
  date         = {},
  urldate      = {2020-12-01},
  url          = {https://www.britannica.com/technology/information-processing}
}

@online{data-processing,
  title        = {Data processing},
  organization = {Encyclopædia Britannica},
  author       = {},
  date         = {},
  urldate      = {2020-12-01},
  url          = {https://www.britannica.com/technology/data-processing}
}

@online{time-series,
  title        = {Time Sersies And Forecasting},
  organization = {Encyclopædia Britannica},
  author       = {},
  date         = {},
  urldate      = {2020-12-01},
  url          = {https://www.britannica.com/science/statistics/Residual-analysis#ref367512}
}

@online{jednostka-produkcyjna,
  title        = {Jednostka Produkcyjna},
  organization = {Media Logistyka},
  author       = {},
  date         = {},
  urldate      = {2020-12-01},
  url          = {https://www.logistyka.net.pl/slownik-logistyczny/szczegoly/424,jednostka_produkcyjna}
}

@online{determinizm,
  title        = {Determinizm},
  organization = {Wydawnictwo Naukowe PWN},
  author       = {},
  date         = {},
  urldate      = {2020-12-02},
  url          = {https://encyklopedia.pwn.pl/haslo/determinizm;3892112.html}
}

@online{soc,
  title        = {SoC},
  organization = {TechTerms},
  author       = {},
  date         = {},
  urldate      = {2020-11-15},
  url          = {https://techterms.com/definition/soc}
}

@online{rpi,
  title        = {Raspberry Pi},
  organization = {Raspberry Pi Foundation},
  author       = {},
  date         = {},
  urldate      = {2020-11-15},
  url          = {https://www.raspberrypi.org/}
}

@online{aws,
  title        = {Cloud Products},
  organization = {Amazon Web Services},
  author       = {},
  date         = {},
  urldate      = {2020-11-15},
  url          = {https://aws.amazon.com/products/?nc2=h_ql_prod_fs_f}
}


@online{azure,
  title        = {Azure products},
  organization = {Microsoft Azure},
  author       = {},
  date         = {},
  urldate      = {2020-11-15},
  url          = {https://azure.microsoft.com/en-us/services/}
}

@online{iot-and-cloud,
  title        = {Benefits of a Cloud Platform in the IoT },
  organization = {AVSystem},
  author       = {},
  date         = {},
  urldate      = {2020-11-15},
  url          = {https://www.avsystem.com/blog/iot-cloud-platform/}
}

@online{sensmetrics,
  title        = {Sensmetrics},
  organization = {Industrial IoT Solutions},
  author       = {},
  date         = {},
  urldate      = {2020-11-15},
  url          = {https://i-iotsolutions.com/sensemetrics/}
}

@online{nazca,
  title        = {Nazca 4.0},
  organization = {APA Group},
  author       = {},
  date         = {},
  urldate      = {2020-11-15},
  url          = {https://www.apagroup.pl/en/nazca-4-0}
}

@online{ixon,
  title        = {IXON. All-in-one Industrial IoT solution.},
  organization = {IXON},
  author       = {},
  date         = {},
  urldate      = {2020-11-15},
  url          = {https://www.ixon.cloud/all-in-one-industrial-iot-solution}
}

@online{gateways,
  title        = {IoT Gateways. Market Map.},
  organization = {Postscapes},
  author       = {},
  date         = {},
  urldate      = {2020-12-18},
  url          = {https://www.postscapes.com/iot-gateways/}
}

@online{crosser,
  title        = {Crosser},
  organization = {Crosser},
  author       = {},
  date         = {},
  urldate      = {2020-12-18},
  url          = {https://crosser.io/contact/}
}

@online{total-js-flow,
  title        = {Total.js Flow},
  organization = {Total Avengers},
  author       = {},
  date         = {},
  urldate      = {2020-12-18},
  url          = {https://www.totaljs.com/flow/}
}

@online{n8n,
  title        = {n8n.io},
  organization = {n8n.io},
  author       = {},
  date         = {},
  urldate      = {2020-12-18},
  url          = {https://n8n.io/}
}

@online{node-red,
  title        = {Node-RED},
  organization = {OpenJS Foundation},
  author       = {},
  date         = {},
  urldate      = {2020-12-18},
  url          = {https://nodered.org/}
}

@online{azure-serverless,
  title        = {Przetwarzanie bezserwerowe},
  organization = {Microsoft Azure},
  author       = {},
  date         = {},
  urldate      = {2020-12-18},
  url          = {https://azure.microsoft.com/pl-pl/overview/serverless-computing/}
}

@online{gartner-cloud-liders,
  title        = {Gartner Magic Quadrant for Cloud Infrastructure and Platform Services},
  organization = {Gartner},
  author       = {},
  date         = {2020},
  urldate      = {2020-12-18},
  url          = {https://www.gartner.com/en/documents/3989743/magic-quadrant-for-cloud-infrastructure-and-platform-ser}
}

@online{azure-aws-comparison,
  title        = {AWS to Azure services comparison},
  organization = {Microsoft},
  author       = {},
  date         = {},
  urldate      = {2020-12-18},
  url          = {https://docs.microsoft.com/en-us/azure/architecture/aws-professional/services#ai-and-machine-learning}
}